<?xml version="1.0" encoding="UTF-8"?><record xmlns="http://www.loc.gov/MARC21/slim" xmlns:cinclude="http://apache.org/cocoon/include/1.0" xmlns:zs="http://www.loc.gov/zing/srw/">
  <leader>00620nz  a2200181n  4500</leader>
  <controlfield tag="001">no2012159306</controlfield>
  <controlfield tag="003">DLC</controlfield>
  <controlfield tag="005">20121220075249.0</controlfield>
  <controlfield tag="008">121218n| azannaabn          |n aaa     c</controlfield>
  <datafield tag="010" ind1=" " ind2=" ">
    <subfield code="a">no2012159306</subfield>
  </datafield>
  <datafield tag="035" ind1=" " ind2=" ">
    <subfield code="a">(OCoLC)oca09369625</subfield>
  </datafield>
  <datafield tag="040" ind1=" " ind2=" ">
    <subfield code="a">UCS</subfield>
    <subfield code="b">eng</subfield>
    <subfield code="e">rda</subfield>
    <subfield code="c">UCS</subfield>
  </datafield>
  <datafield tag="046" ind1=" " ind2=" ">
    <subfield code="f">1899</subfield>
    <subfield code="g">1992</subfield>
  </datafield>
  <datafield tag="100" ind1="1" ind2=" ">
    <subfield code="a">Leavitt, Vincen Elias,</subfield>
    <subfield code="d">1899-1992</subfield>
  </datafield>
  <datafield tag="370" ind1=" " ind2=" ">
    <subfield code="c">U.S.</subfield>
    <subfield code="e">Nev.</subfield>
  </datafield>
  <datafield tag="375" ind1=" " ind2=" ">
    <subfield code="a">male</subfield>
  </datafield>
  <datafield tag="670" ind1=" " ind2=" ">
    <subfield code="a">Vincen Elias Leavitt</subfield>
    <subfield code="b">t.p. (Vincen Elias Leavitt) p.5 (born 1899; He related his personal history of living in various parts of Nevada.")</subfield>
  </datafield>
  <datafield tag="670" ind1=" " ind2=" ">
    <subfield code="a">Familysearch.org, Dec. 18, 2012,</subfield>
    <subfield code="b">(Vincen Elias Leavitt; death 19 Oct. 1992)</subfield>
  </datafield>
</record>